@article{respool08,
  author    = "Damon Wischik and Mark Handley and Marcelo Bagnulo Braun",
  title     = "The resource pooling principle",
  year      = "2008",
  journal   = "ACM SIGCOMM CCR",
  volume    = "38",
  number    = "5",
  pages     = "47--52"
}

@proceedings{mptcp-googletech,
  author    = { Costin Raiciu and Christoph Paasch },
  publisher = "GoogleTech Talks",
  title     = "Multipath TCP",
  year      = "2012",
  url       = "http://www.youtube.com/watch?v=02nBaaIoFWU"
}

@inbook{vlb,
  author    = "Rui Zhang-Shen",
  editor    = "Graham Cormode and Marina Thottan",
  title     = "Valiant Load-Balancing: Building Networks That Can Support All Traffic Matrices",
  booktitle = "Algorithms for Next Generation Networks",
  pages     = "19--30",
  publisher = "Springer London",
  year      = "2010"
}

@article{vl2,
  title={VL2: a scalable and flexible data center network},
  author={Greenberg, A. and Hamilton, J.R. and Jain, N. and Kandula, S. and Kim, C. and Lahiri, P. and Maltz, D.A. and Patel, P. and Sengupta, S.},
  journal={ACM SIGCOMM CCR},
  volume={39},
  number={4},
  pages={51--62},
  year={2009}
}

@article{fattree,
  title={A scalable, commodity data center network architecture},
  author={Al-Fares, M. and Loukissas, A. and Vahdat, A.},
  booktitle={ACM SIGCOMM CCR},
  volume={38},
  number={4},
  pages={63--74},
  year={2008}
}

@article{bcube,
  title={BCube: a high performance, server-centric network architecture for modular data centers},
  author={Guo, C. and Lu, G. and Li, D. and Wu, H. and Zhang, X. and Shi, Y. and Tian, C. and Zhang, Y. and Lu, S.},
  journal={ACM SIGCOMM CCR},
  volume={39},
  number={4},
  pages={63--74},
  year={2009}
}

@article{hedera,
  title  = {Hedera: Dynamic Flow Scheduling for Data Center Networks},
  author={Al-Fares, M. and Radhakrishnan, S. and Raghavan, B. and Huang, N. and Vahdat, A.},
  year   = "2010"
}

@article{mptcp-data,
  title={Improving datacenter performance and robustness with multipath TCP},
  author={Raiciu, C. and Barre, S. and Pluntke, C. and Greenhalgh, A. and Wischik, D. and Handley, M.},
  booktitle={ACM SIGCOMM CCR},
  volume={41},
  number={4},
  pages={266--277},
  year={2011}
}

@techreport{mptcp09,
  title="TCP Extensions for Multipath Operation with Multiple Addresses",
  author={Ford, A. and Raiciu, C. and Handley, M. and Barre, S.},
  type="{Internet-Draft}",
  number=12,
  publisher="{IETF}"
}

@incollection{iot2010,
year={2010},
isbn={978-3-642-17225-0},
booktitle={From Active Data Management to Event-Based Systems and More},
volume={6462},
series={Lecture Notes in Computer Science},
editor={Sachs, Kai and Petrov, Ilia and Guerrero, Pablo},
doi={10.1007/978-3-642-17226-7_15},
title={From the Internet of Computers to the Internet of Things},
url={http://dx.doi.org/10.1007/978-3-642-17226-7_15},
publisher={Springer Berlin Heidelberg},
keywords={Internet of Things; RFID; smart objects; wireless sensor networks},
author={Mattern, Friedemann and Floerkemeier, Christian},
pages={242-259}
}

@article{chong2003sensor,
  title={Sensor networks: evolution, opportunities, and challenges},
  author={Chong, C.Y. and Kumar, S.P.},
  journal={Proceedings of the IEEE},
  volume={91},
  number={8},
  pages={1247--1256},
  year={2003},
  publisher={IEEE}
}

@article{gibbons2003irisnet,
  title={{IrisNet}: An architecture for a worldwide sensor web},
  author={Gibbons, P.B. and Karp, B. and Ke, Y. and Nath, S. and Seshan, S.},
  journal={Pervasive Computing, IEEE},
  volume={2},
  number={4},
  pages={22--33},
  year={2003},
  publisher={IEEE}
}

@book{vasseur2010interconnecting,
  title={Interconnecting smart objects with {IP}: The next internet},
  author={Vasseur, J.P. and Dunkels, A.},
  year={2010},
  publisher={Morgan Kaufmann}
}

@article{lewis2004wsn,
  title={Wireless sensor networks},
  author={Lewis, F.L.},
  journal={Smart Environments: Technologies, Protocols, and Applications},
  pages={11--46},
  year={2004},
  publisher={New York: Wiley}
}

@article{akyildiz2002wsn,
  title={Wireless sensor networks: a survey},
  author={Akyildiz, I.F. and Su, W. and Sankarasubramaniam, Y. and Cayirci, E.},
  journal={Computer networks},
  volume={38},
  number={4},
  pages={393--422},
  year={2002},
  publisher={Elsevier}
}

@misc{ipv6,
  author="S. Deering and R. Hinden",
  title="{Internet Protocol, Version 6 ({IPv6}) Specification}",
  series="Request for Comments",
  number="2460",
  howpublished="RFC 2460 (Draft Standard)",
  publisher="IETF",
  organization="Internet Engineering Task Force",
  year=1998,
  month=dec,
    note="Updated by RFCs 5095, 5722, 5871, 6437, 6564",
  url="http://www.ietf.org/rfc/rfc2460.txt",
}

@article{egbogah2011healthcare_wsn,
  title={A survey of system architecture requirements for health care-based wireless sensor networks},
  author={Egbogah, E.E. and Fapojuwo, A.O.},
  journal={Sensors},
  volume={11},
  number={5},
  pages={4875--4898},
  year={2011},
  publisher={Molecular Diversity Preservation International}
}


@article{ieee802154,
journal={IEEE Std. 802.15.4\texttrademark - 2011},
title={{IEEE Standard for Local and metropolitan area networks - Part 15.4: Low-Rate Wireless Personal Area Networks (LR-WPANs)}},
year={2011},
}

@article{ieee1219,
  title={{IEEE} Standard for Software Maintenance},
  journal={IEEE Std. 1219},
  year={1998},
}

@article{koubaa2006csmaca_wsn,
  title={A comprehensive simulation study of slotted {CSMA/CA} for {IEEE 802.15.4} wireless sensor networks},
  author={Koubaa, A. and Alves, M. and Tovar, E.},
  journal={IEEE WFCS},
  volume={6},
  pages={63--70},
  year={2006}
}

@inproceedings{koubaa2006csmaca_wsn_improve,
  title={Improving the {IEEE 802.15.4} slotted {CSMA/CA MAC} for time-critical events in wireless sensor networks},
  author={Koubaa, A. and Alves, M. and Nefzi, B. and Song, Y.Q. and others},
  booktitle={Proc. Workshop of Real-Time Networks (RTN 2006), Satellite Workshop to (ECRTS 2006)},
  year={2006}
}

@misc{eui64,
  title="Guidelines For 64-bit Global Identifier {(EUI-64)}",
  howpublished={\url{http://standards.ieee.org/db/oui/tutorials/EUI64.html}},
  year="2012"
}

@article{ahamed2009zigbee,
  title={The role of {ZigBee} technology in future data communication system},
  author={Ahamed, S.S.R.},
  journal={Journal of Theoretical and Applied Information Technology},
  volume={5},
  number={2},
  pages={129},
  year={2009}
}

@article{baronti2007wsn,
  title={Wireless sensor networks: A survey on the state of the art and the 802.15.4 and {ZigBee} standards},
  author={Baronti, P. and Pillai, P. and Chook, V.W.C. and Chessa, S. and Gotta, A. and Hu, Y.F.},
  journal={Computer communications},
  volume={30},
  number={7},
  pages={1655--1695},
  year={2007},
  publisher={Elsevier}
}

@misc{zigbee_alliance,
  title="{ZigBee} alliance",
  howpublished={\url{http://www.zigbee.org}},
  year="2012"
}

@misc{zb_membership,
  title="{ZigBee} membership",
  howpublished={\url{http://www.zigbee.org/Join/MemberBenefits.aspx}},
  year="2012"
}

@article{zb2007zigbee,
  title={{ZigBee} Specification},
  publisher={{ZigBee} Alliance},
  journal={{ZigBee} document 053474r17},
  year={2007}
}

@inproceedings{song2008wirelesshart,
  title={{WirelessHART}: Applying wireless technology in real-time industrial process control},
  author={Song, J. and Han, S. and Mok, A.K. and Chen, D. and Lucas, M. and Nixon, M.},
  booktitle={Real-Time and Embedded Technology and Applications Symposium, 2008. RTAS'08. IEEE},
  pages={377--386},
  year={2008},
  organization={IEEE}
}

@inproceedings{multihop_interf,
  title={Interference avoidance in wireless multihop networks},
  author={Ee, Cheng Tien and Shenker, Scott and Hong, Brent Chun Wei},
  booktitle={poster session presented at the 2nd Annu. IEEE Commun. Soc. Conf. Sensor and Ad Hoc Commun. and Networks},
  year={2005}
}

@misc{hartcomm,
  title={{HART} Communication},
  howpublished={\url{http://www.hartcomm.org}},
  year="2012"
}

@article{harel-sc,
  title={Statecharts: A visual formalism for complex systems},
  author={Harel, David},
  journal={Science of computer programming},
  volume={8},
  number={3},
  pages={231--274},
  year={1987},
  publisher={Elsevier}
}


@inproceedings{lennvall2008wirelesshart_zigbee,
  title={A comparison of {WirelessHART} and {ZigBee} for industrial applications},
  author={Lennvall, T. and Svensson, S. and Hekland, F.},
  booktitle={Factory Communication Systems, 2008. WFCS 2008. IEEE International Workshop on},
  pages={85--88},
  year={2008},
  organization={IEEE}
}

@article{petersen2011,
  title={{WirelessHART} versus {ISA 100.11a}: The format war hits the factory floor},
  author={Petersen, S. and Carlsen, S.},
  journal={Industrial Electronics Magazine, IEEE},
  volume={5},
  number={4},
  pages={23--34},
  year={2011},
  publisher={IEEE}
}

@misc{isa,
  title="{International Society of Automation}",
  howpublished={\url{http://www.isa.org}},
  year="2012"
}

@misc{6lowpan_motivation,
  author={Kushalnagar, N. and Montenegro, G. and Schumacher, C.},
  title="{{IPv6} over Low-Power Wireless Personal Area Networks ({6LoWPANs}): overview, assumptions, problem statement, and goals}",
  series="Request for Comments",
  number="4919",
  howpublished="RFC 4919 (Informational)",
  publisher="IETF",
  organization="Internet Engineering Task Force",
  year=2007,
  month=aug,
  url="http://www.ietf.org/rfc/rfc4919.txt",
}

@misc{6lowpan,
  title={Transmission of {IPv6} packets over {IEEE 802.15.4} networks},
  author={Montenegro, G. and Kushalnagar, N. and Hui, J. and Culler, D.},
  series="Request for Comments",
  number="4944",
  howpublished="RFC 4944 (Draft Standard)",
  publisher="IETF",
  organization="Internet Engineering Task Force",
  year=2007,
  url="http://www.ietf.org/rfc/rfc4944.txt",
}

@book{shelby20116lowpan,
  title={{6LoWPAN}: the wireless embedded internet},
  author={Shelby, Z. and Bormann, C.},
  volume={43},
  year={2011},
  publisher={Wiley}
}

@misc{6lowpan_iphc,
  title={Compression Format for {IPv6} Datagrams over {IEEE 802.15.4} Based Networks},
  author={Hui, J. and Thubert, P.},
  year={2011},
  series="Request for Comments",
  number="6282",
  howpublished="RFC 6282 (Draft Standard)",
  publisher="IETF",
  organization="Internet Engineering Task Force",
  month=sep,
  url="http://www.ietf.org/rfc/rfc6282.txt"
}

@misc{ipv6_autoconf,
  title={{IPv6} Stateless Address Autoconfiguration},
  author={Narten, T. and Thomson, S. and Jinmei, T.},
  year={2007},
  series="Request for Comments",
  number="4862",
  howpublished="RFC 4862 (Draft Standard)",
  publisher="IETF",
  organization="Internet Engineering Task Force",
  month=sep,
  url="http://www.ietf.org/rfc/rfc4862.txt"
}

@techreport{6lowpan_nd,
  title={Neighbor Discovery Optimization for Low Power and Lossy Networks ({6LoWPAN})},
  author={Shelby, Z. and Chakrabarti, S. and Nordmark, E.},
  year={2012},
  type={Internet-Draft},
  howpublished="{Working Draft}",
  publisher="IETF",
  organization="Internet Engineering Task Force",
  number={"draft-ietf-6lowpan-nd-21.txt"},
  month=aug,
  url="http://www.ietf.org/id/draft-ietf-6lowpan-nd-21.txt",
  note="(Work in progress)"
}

@misc{ipv6_nd,
  title={Neighbor discovery for {IP} version 6 ({IPv6})},
  author={Narten, T. and Simpson, W.A. and Nordmark, E. and Soliman, H.},
  year={2007},
  series="Request for Comments",
  number="4861",
  howpublished="RFC 4861 (Draft Standard)",
  publisher="IETF",
  organization="Internet Engineering Task Force",
  month=sep,
  url="http://www.ietf.org/rfc/rfc4861.txt",
  note="Updated by RFC 5942"
}

@book{utlk,
  title={Understanding the Linux kernel},
  author={Bovet, D. and Cesati, M.},
  year={2005},
  edition="third",
  publisher={O'Reilly Media, Inc}
}

@misc{linux,
  title="{Linux kernel}",
  howpublished={\url{http://www.kernel.org}},
  year="2012"
}

@misc{quagga,
  title="{Quagga routing suite}",
  howpublished={\url{http://www.nongnu.org/quagga}},
  year="2014"
}

@misc{openbgpd,
  title="{OpenBGPD}",
  howpublished={\url{http://www.openbgpd.org}},
  year="2014"
}

@misc{bird,
  title="{The BIRD Internet Routing Daemon}",
  howpublished={\url{http://bird.network.cz}},
  year="2014"
}

@misc{iana,
  title="{IANA}",
  howpublished={\url{http://www.iana.org}},
  year="2012"
}

@inproceedings{dunkels2004contiki,
  title={Contiki - a lightweight and flexible operating system for tiny networked sensors},
  author={Dunkels, A. and Grönvall, B. and Voigt, T.},
  booktitle={Local Computer Networks, 2004. 29th Annual IEEE International Conference on},
  pages={455--462},
  year={2004},
  organization={IEEE}
}

@incollection{levis2005tinyos,
  title={{TinyOS}: An operating system for sensor networks},
  author={Levis, Philip and Madden, Sam and Polastre, Joseph and Szewczyk, Robert and Whitehouse, Kamin and Woo, Alec and Gay, David and Hill, Jason and Welsh, Matt and Brewer, Eric and others},
  booktitle={Ambient intelligence},
  pages={115--148},
  year={2005},
  publisher={Springer}
}

@misc{contiki,
  title="{Contiki}",
  howpublished={\url{http://www.contiki-os.org}},
  year="2012"
}

@misc{tinyos,
  title="{TinyOS}",
  howpublished={\url{http://www.tinyos.net}},
  year="2012"
}

@misc{emdebian,
  title="{Emdebian}",
  howpublished={\url{http://www.emdebian.org}},
  year="2012"
}

@misc{raspberrypi,
  title="{Raspberry Pi}",
  howpublished={\url{http://www.raspberrypi.org}},
  year="2012"
}

@misc{opensniffer,
  title="{OpenSniffer}",
  howpublished={\url{http://openwsn.berkeley.edu/wiki/OpenSniffer}},
  year="2013"
}

@misc{wsntools,
  title="{WSN-Tools}",
  howpublished={\url{http://www.hauweele.net/~gawen/wsn-tools.html}},
  year="2013"
}

@misc{beaglebone,
  title="{BeagleBone}",
  howpublished={\url{http://beagleboard.org/Products/BeagleBone}},
  year="2012"
}

@misc{adafruit,
  title="{Adafruit}",
  howpublished={\url{http://www.adafruit.com}},
  year="2012"
}

@misc{markus_rpl,
  author="Markus Becker",
  title="{A RPL implementation for Linux derived from the Contiki RPL implementation}",
  howpublished={\url{http://github.com/markushx/librpl}},
  year="2012"
}

@misc{tcheneau_rpl,
  author="Tony Cheneau",
  title="{A linux-based implementation of the Routing Protocol for Low-Power and Lossy Networks (RPL)}",
  howpublished={\url{http://github.com/tcheneau/simpleRPL}},
  year="2012"
}

@misc{linuxzigbee,
  author={Dmitry Eremin-Solenikov},
  title={Linux {ZigBee}},
  howpublished={\url{http://sourceforge.net/apps/trac/linux-zigbee}},
  year="2012"
}

@misc{linus_lvl_interrupt,
  author={Linus Torvalds},
  title={Better level triggered {IRQ} management needed},
  howpublished={\url{http://yarchive.net/comp/linux/edge_triggered_interrupts.html}},
  year="2006"
}

@inproceedings{protothreads,
  title={Protothreads: simplifying event-driven programming of memory-constrained embedded systems},
  author={Dunkels, A. and Schmidt, O. and Voigt, T. and Ali, M.},
  booktitle={Proceedings of the 4th international conference on Embedded networked sensor systems},
  pages={29--42},
  year={2006},
  organization={ACM}
}

@misc{mc1322x,
  author={Mariano Alvira},
  title="Using the {Freescale MC1322x} Series {ARM7} Processor with integrated 802.15.4",
  howpublished={\url{http://mc1322x.devl.org}},
  year="2012"
}

@misc{kernel_rpi,
  title="{Raspberry Pi} {Linux} Kernel",
  howpublished={\url{http://github.com/raspberrypi/linux}},
  year="2012"
}

@misc{cc2520,
  author="Andrew Robinson",
  title="{CC2520} 802.15.4 radio in {Linux}",
  howpublished={\url{http://github.com/ab500/linux-cc2520-driver}},
  month=dec,
  year=2012
}

@misc{cc2520_stat,
  author="Andrew Robinson",
  title="{Raspberry Pi} as an 802.15.4 Basestation",
  howpublished={\url{http://www.raspberrypi.org/phpBB3/viewtopic.php?t=26913&p=241754}},
  month=dec,
  year=2012
}

@misc{grinch,
  author="Maciek",
  title="{Grinch} - simple 6lowpan {RPL} border router",
  howpublished={\url{http://sixpinetrees.blogspot.be/2011/06/grinch-simple-6lowpan-rpl-border-router.html}},
  month=jun,
  year=2011
}

@misc{cc6lowpan,
  howpublished={\url{http://processors.wiki.ti.com/index.php/CC-6LoWPAN}},
  title="{Texas Instrument} {CC-6LoWPAN}",
  year=2012
}

@misc{sensinode,
  title="{Sensinode}",
  howpublished={\url{http://www.sensinode.com}},
  year=2012
}

@misc{archrock,
  title="{Arch Rock}",
  howpublished={\url{http://www.archrock.com}},
  year=2012
}

@inproceedings{ye2002smac,
  title={An energy-efficient {MAC} protocol for wireless sensor networks},
  author={Ye, W. and Heidemann, J. and Estrin, D.},
  booktitle={INFOCOM 2002. Twenty-First Annual Joint Conference of the IEEE Computer and Communications Societies. Proceedings. IEEE},
  volume={3},
  pages={1567--1576},
  year={2002},
  organization={IEEE}
}

@article{s3:2008,
  title={S3: the Small Scheme Stack A Scheme TCP/IP Stack Targeting Small Embedded Applications},
  journal={ Workshop on Scheme and Functional Programming },
  author={St-Amour, Vincent},
  year={2008}
}

@misc{jennet_ip_br,
  title={{JenNet-IP border-router}},
  year={2011},
  series="Application Note",
  howpublished="JN-AN-1110 (Application Note)",
  publisher="NXP",
  organization="NXP Laboratories",
  year=2012
}

@misc{cross_arm,
  title="{Debian} {ARM} Cross-compile",
  howpublished={\url{http://wiki.micromint.com/index.php/Debian_ARM_Cross-compile}},
  year=2012
}

@misc{carambola,
  title="Carambola",
  howpublished={\url{http://shop.8devices.com/wifi4things/carambola}},
  year=2012
}

@article{maxime2012econotag,
  title="{Rapport de stage CETIC : Prototype de border router Redwire Econotag sous Contiki}",
  author={Maxime Denis},
  organization="CETIC",
  year=2012
}

@misc{ipv6_addr,
  author="S. Deering and R. Hinden",
  title="{IP} Version 6 Addressing Architecture",
  series="Request for Comments",
  number="4291",
  howpublished="RFC 4291 (Draft Standard)",
  publisher="IETF",
  organization="Internet Engineering Task Force",
  year=2006,
  month=feb,
  url="http://www.ietf.org/rfc/rfc4291.txt",
}

@misc{ipv6_slaac,
  author={S. Thomson, T. Narten, T. Jinmei},
  title="{IPv6} Stateless Address Autoconfiguration",
  series="Request for Comments",
  number="4862",
  howpublished="RFC 4862 (Draft Standard)",
  publisher="IETF",
  organization="Internet Engineering Task Force",
  year=2007,
  month=sep,
  url="http://www.ietf.org/rfc/rfc4862.txt",
}

@misc{6lowpan_rpl,
  author={Winter, T and Thubert, P and Brandt, A and Hui, J and Kelsey, R and Levis, P and Pister, K and Struik, R and Vasseur, JP and Alexander, R},
  title={{RPL} : {IPv6} Routing Protocol for Low power and Lossy Networks},
  series="Request for Comments",
  number="6550",
  howpublished="RFC 6550 (Draft Standard)",
  publisher="IETF",
  organization="Internet Engineering Task Force",
  year=2012,
  month=mar,
  url="http://www.ietf.org/rfc/rfc6550.txt",
}

@misc{opte,
  title={The {Opte} Project},
  howpublished={\url{http://www.opte.org}},
  year= "2013"
}

@misc{watteco,
  title={Method and apparatus for measuring the consumption of an element of an electrical network},
  author={Bertrand, Paul},
  year={2004},
  month=jul # "~14",
  note={EP Patent 1,136,829}
}

@article{lientz1980,
  title={Software maintenance management: a study of the maintenance of computer application software in 487 data processing organizations},
  author={Lientz, Bennet P and Swanson, E Burton},
  year={1980},
  publisher={Addison-Wesley Pub (Sd)}
}

@article{lehman1980,
  title={Programs, life cycles, and laws of software evolution},
  author={Lehman, Meir M},
  journal={Proceedings of the IEEE},
  volume={68},
  number={9},
  pages={1060--1076},
  year={1980},
  publisher={IEEE}
}

@inproceedings{lehman1998,
  title={Implications of evolution metrics on software maintenance},
  author={Lehman, Manny M and Perry, Dewayne E and Ramil, Juan F},
  booktitle={Software Maintenance, 1998. Proceedings. International Conference on},
  pages={208--217},
  year={1998},
  organization={IEEE}
}

@article{turski1996,
  title={Reference model for smooth growth of software systems},
  author={Turski, Wladyslaw M.},
  journal={IEEE Transactions on Software Engineering},
  volume={22},
  number={8},
  pages={599},
  year={1996},
  publisher={New York: Institute of Electrical and Electronics Engineers, c1975-}
}

@article{bazaar1999,
  title={The cathedral and the bazaar},
  author={Raymond, Eric},
  journal={Knowledge, Technology \& Policy},
  volume={12},
  number={3},
  pages={23--49},
  year={1999},
  publisher={Springer}
}

@inproceedings{evolution_oss_linux,
  title={Evolution in open source software: A case study},
  author={Godfrey, Michael W and Tu, Qiang},
  booktitle={Software Maintenance, 2000. Proceedings. International Conference on},
  pages={131--142},
  year={2000},
  organization={IEEE}
}

@article{wfh11,
  title={Introduction to Data Mining},
  author={Tan, Pang-Ning and Steinbach, Michael and Kumar, Vipin},
  publisher={Addison-Wesley},
  year={2005}
}

@misc{weka,
  title={{Weka}},
  howpublished={\url{http://www.cs.waikato.ac.nz/ml/weka}},
  year="2013"
}

@misc{cisco_doc_mrai,
  title={{Cisco IOS IP Routing: BGP Command Reference: neighbor advertisement-interval command}},
  howpublished={\url{http://www.cisco.com/en/US/docs/ios/iproute_bgp/command/reference/irg_bgp3.html#wp1105562}},
  year="2013"
}

@article{auc_dm2005,
  title={Using AUC and accuracy in evaluating learning algorithms},
  author={Huang, Jin and Ling, Charles X},
  journal={Knowledge and Data Engineering, IEEE Transactions on},
  volume={17},
  number={3},
  pages={299--310},
  year={2005},
  publisher={IEEE}
}

@misc{rfc4271,
  author="Rekhter, Y and Li, T and Hares, S",
  title="{A Border Gateway Protocol 4 {(BGP-4)}}",
  series="Request for Comments",
  number="4271",
  howpublished="RFC 4271 (Draft Standard)",
  publisher="IETF",
  organization="Internet Engineering Task Force",
  year=2006,
  month=jan,
  note="Updated by RFCs 6286, 6608, 6793",
  url="http://www.ietf.org/rfc/rfc4271.txt",
}

@misc{rfc1771,
  author="Rekhter, Y and Li, T and Hares, S",
  title="{A Border Gateway Protocol 4 {(BGP-4)}}",
  series="Request for Comments",
  number="1771",
  howpublished="RFC 1771 (Draft Standard)",
  publisher="IETF",
  organization="Internet Engineering Task Force",
  year=1995,
  month=mar,
  note="Obsoleted by RFC 4271",
  url="http://www.ietf.org/rfc/rfc1771.txt",
}

@misc{rfc2918,
  author="{Chen, Enke}",
  title="{Route Refresh Capability for {BGP-4}}",
  series="Request for Comments",
  number="2918",
  howpublished="RFC 2918 (Proposed Standard)",
  publisher="IETF",
  organization="Internet Engineering Task Force",
  year=2000,
  month=sep,
  url="http://www.ietf.org/rfc/rfc2918.txt",
}

@misc{rfc2439,
  author="{Villamizar et al.}",
  title="{BGP} Route Flap Damping",
  series="Request for Comments",
  number="2439",
  howpublished="RFC 2439 (Proposed Standard)",
  publisher="IETF",
  organization="Internet Engineering Task Force",
  year=1998,
  month=nov,
  url="http://www.ietf.org/rfc/rfc2439.txt",
}

@article{li2007bgp,
  title={{BGP} routing dynamics revisited},
  author={Li, Jun and Guidero, Michael and Wu, Zhen and Purpus, Eric and Ehrenkranz, Toby},
  journal={ACM SIGCOMM Computer Communication Review},
  volume={37},
  number={2},
  pages={5--16},
  year={2007},
  publisher={ACM}
}

@inproceedings{park2010bgp,
  title={Investigating occurrence of duplicate updates in {BGP} announcements},
  author={Park, Jong Han and Jen, Dan and Lad, Mohit and Amante, Shane and McPherson, Danny and Zhang, Lixia},
  booktitle={Passive and Active Measurement},
  pages={11--20},
  year={2010},
  organization={Springer}
}

@article{labovitz1998bgp,
  title={Internet routing instability},
  author={Labovitz, Craig and Malan, G Robert and Jahanian, Farnam},
  journal={Networking, IEEE/ACM Transactions on},
  volume={6},
  number={5},
  pages={515--528},
  year={1998},
  publisher={IEEE}
}

@article{elmokashfi2012bgp,
  title={BGP churn evolution: a perspective from the core},
  author={Elmokashfi, Ahmed and Kvalbein, Amund and Dovrolis, Constantine},
  journal={Networking, IEEE/ACM Transactions on},
  volume={20},
  number={2},
  pages={571--584},
  year={2012},
  publisher={IEEE}
}

@misc{exabgp,
  title={{ExaBGP}},
  author={Mangin Thomas},
  howpublished={\url{http://github.com/Exa-Networks/exabgp}},
  year="2014"
}

@misc{wireshark,
  title={{Wireshark}},
  howpublished={\url{http://www.wireshark.org}},
  year="2014"
}

@misc{rfc6472,
  author="{Kumari, W and Sriram, K}",
  title="Recommendation for Not Using {AS\_SET} and {AS\_CONFED\_SET} in {BGP}",
  series="Request for Comments",
  number="6472",
  howpublished="RFC 6472 (Best Current Practice)",
  publisher="IETF",
  organization="Internet Engineering Task Force",
  year=2011,
  month=dec,
  url="http://www.ietf.org/rfc/rfc6472.txt",
}

@inproceedings{tmac,
  title={An adaptive energy-efficient {MAC} protocol for wireless sensor networks},
  author={Van Dam, Tijs and Langendoen, Koen},
  booktitle={Proceedings of the 1st international conference on Embedded networked sensor systems},
  pages={171--180},
  year={2003},
  organization={ACM}
}

@inproceedings{smac,
  title={An energy-efficient {MAC} protocol for wireless sensor networks},
  author={Ye, Wei and Heidemann, John and Estrin, Deborah},
  booktitle={INFOCOM 2002. Twenty-First Annual Joint Conference of the IEEE Computer and Communications Societies. Proceedings. IEEE},
  volume={3},
  pages={1567--1576},
  year={2002},
  organization={IEEE}
}

@article{xkernel,
  title={The x-kernel: An architecture for implementing network protocols},
  author={Hutchinson, Norman C and Peterson, Larry L},
  journal={Software Engineering, IEEE Transactions on},
  volume={17},
  number={1},
  pages={64--76},
  year={1991},
  publisher={IEEE}
}

@article{dunkels2007,
  title={Programming Memory-Constrained Networked Embedded Systems},
  author={Dunkels, Adam},
  year={2007},
}

@article{prolac,
  title={A readable {TCP} in the {Prolac} protocol language},
  author={Kohler, Eddie and Kaashoek, M Frans and Montgomery, David R},
  journal={ACM SIGCOMM Computer Communication Review},
  volume={29},
  number={4},
  pages={3--13},
  year={1999},
  publisher={ACM}
}

@article{morpheus,
  title={A language-based approach to protocol implementation},
  author={Abbott, Mark B and Peterson, Larry L},
  journal={Networking, IEEE/ACM Transactions on},
  volume={1},
  number={1},
  pages={4--19},
  year={1993},
  publisher={IEEE}
}

@article{ips2009,
  title={A language-based approach to protocol stack implementation in embedded systems},
  author={Wang, Yan},
  journal={Studies from the School of Science and Technology at {\"O}rebro University; 9},
  year={2009},
  publisher={{\"O}rebro University}
}

@article{wang2007ips,
  title={IPS: Implementation of Protocol Stacks for Embedded Systems},
  author={Wang, Yan},
  year={2007},
}

@incollection{wang2010dsl,
  title={A domain-specific language approach to protocol stack implementation},
  author={Wang, Yan and Gaspes, Ver{\'o}nica},
  booktitle={Practical Aspects of Declarative Languages},
  pages={183--185},
  year={2010},
  publisher={Springer}
}

@misc{cidr,
  author={Fuller, Vince and Li, Tony},
  title="Classless Inter-domain Routing ({CIDR}): The Internet Address Assignment and Aggregation Plan",
  series="Request for Comments",
  number="4632",
  howpublished="RFC 4632 (Best Current Practice)",
  publisher="IETF",
  organization="Internet Engineering Task Force",
  year=2006,
  month=aug,
  url="http://www.ietf.org/rfc/rfc4632.txt",
}

@misc{rfc904,
  author="{D.L.  Mills}",
  title="Exterior Gateway Protocol Formal Specification",
  series="Request for Comments",
  number="904",
  howpublished="RFC 904",
  publisher="IETF",
  organization="Internet Engineering Task Force",
  year=1984,
  month=apr,
  url="http://www.ietf.org/rfc/rfc904.txt",
}

@misc{rfc4760,
  author="T. Bates, R. Chandra, D. Katz and Y. Rekhter",
  title="Multiprotocol Extensions for {BGP-4}",
  series="Request for Comments",
  number="4760",
  howpublished="RFC 4760 (Draft Standard)",
  publisher="IETF",
  organization="Internet Engineering Task Force",
  year=2007,
  month=jan,
  url="http://www.ietf.org/rfc/rfc4760.txt",
}

@misc{rfc2385,
  author="A. Heffernan",
  title="Protection of {BGP} Sessions via the {TCP MD5} Signature Option",
  series="Request for Comments",
  number="2385",
  howpublished="RFC 2385 (Draft Standard)",
  publisher="IETF",
  organization="Internet Engineering Task Force",
  year=1998,
  month=aug,
  note="Updated by RFC 6691",
  url="http://www.ietf.org/rfc/rfc2385.txt",
}

@misc{rfc5492,
  author="J. Scudder and R. Chandra",
  title="Capabilities Advertisement with {BGP-4}",
  series="Request for Comments",
  number="5492",
  howpublished="RFC 5492 (Draft Standard)",
  publisher="IETF",
  organization="Internet Engineering Task Force",
  year=2009,
  month=feb,
  url="http://www.ietf.org/rfc/rfc5492.txt",
}

@article{oliveira2009_exploration,
  title={Quantifying path exploration in the internet},
  author={Oliveira, Ricardo and Zhang, Beichuan and Pei, Dan and Zhang, Lixia},
  journal={IEEE/ACM Transactions on networking},
  volume={17},
  number={2},
  pages={445--458},
  year={2009},
  publisher={IEEE}
}

@inproceedings{griffin2001_mrai,
  title={An experimental analysis of {BGP} convergence time},
  author={Griffin, Timothy G and Premore, Brian J},
  booktitle={Ninth International Conference on Network Protocols},
  pages={53--61},
  year={2001},
  organization={IEEE}
}

@misc{rfc4724,
  author="S. Sangli and E. Chen and R. Fernando and J. Scudder and Y. Rekhter",
  title="Graceful Restart Mechanism for {BGP}",
  series="Request for Comments",
  number="4724",
  howpublished="RFC 4724 (Proposed Standard)",
  publisher="IETF",
  organization="Internet Engineering Task Force",
  year=2007,
  month=jan,
  url="http://www.ietf.org/rfc/rfc4724.txt"
}

@article{cheng2011_mct,
  title={Identifying {BGP} routing table transfers},
  author={Cheng, Pei-chun and Zhang, Beichuan and Massey, Daniel and Zhang, Lixia},
  journal={Computer Networks},
  volume={55},
  number={3},
  pages={636--649},
  year={2011},
  publisher={Elsevier}
}

@misc{rfc1997,
  author={Chandra, R and Traina, P and Li, T},
  title="{BGP} communities attribute",
  series="Request for Comments",
  number="1997",
  howpublished="RFC 1997 (Proposed Standard)",
  publisher="IETF",
  organization="Internet Engineering Task Force",
  year=1996,
  month=aug,
  url="http://www.ietf.org/rfc/rfc1997.txt"
}

@misc{rfc4456,
  author={Bates, Tony and Chen, Enke and Chandra, Ravi},
  title="{BGP} route reflection: An alternative to full mesh Internal {BGP} ({IBGP})",
  series="Request for Comments",
  number="4456",
  howpublished="RFC 4456 (Draft Standard)",
  publisher="IETF",
  organization="Internet Engineering Task Force",
  year=2006,
  month=apr,
  url="http://www.ietf.org/rfc/rfc4456.txt"
}

@article{traffic_engineering_2003,
  title={Interdomain traffic engineering with {BGP}},
  author={Quoitin, Bruno and Pelsser, Cristel and Swinnen, Louis and Bonaventure, Ouvier and Uhlig, Steve},
  journal={Communications Magazine, IEEE},
  volume={41},
  number={5},
  pages={122--128},
  year={2003},
  publisher={IEEE}
}

@misc{rfc5065,
  author={P. Traina and D. McPherson and J. Scudder},
  title="Autonomous System Confederations for {BGP}",
  series="Request for Comments",
  number="5065",
  howpublished="RFC 5065 (Draft Standard)",
  publisher="IETF",
  organization="Internet Engineering Task Force",
  year=2007,
  month=aug,
  howpublished={\url{http://www.ietf.org/rfc/rfc5065.txt}}
}

@article{cbgp_2005,
  title={Modeling the routing of an autonomous system with {C-BGP}},
  author={Quoitin, Bruno and Uhlig, Steve},
  journal={Network, IEEE},
  volume={19},
  number={6},
  pages={12--19},
  year={2005},
  publisher={IEEE}
}

@misc{ssfnet,
  title={{SSFNet}: Scalable Simulation Framework-Network Models},
  author={Ogielski, Andy T and Cowie, James H},
  howpublished={\url{http://www.ssfnet.org}}
}

@misc{jsim,
  title={{J-Sim}},
  howpublished={\url{http://j-sim.cs.uiuc.edu}},
  year="2014"
}

@article{bgp++,
  title={The {BGP++} simulation},
  author={Dimitropoulous, X and Riley, G},
  journal={Georgia Tech University},
  year={2005}
}

@misc{routeviews,
  title={University of {Oregon} {Route Views} Project},
  howpublished={\url{http://www.routeviews.org}},
  year="2005"
}

@misc{rfc2991,
  author="Thaler, Dave and Hopps, C",
  title="Multipath issues in unicast and multicast next-hop selection",
  series="Request for Comments",
  number="2991",
  howpublished="RFC 2991 (Informational)",
  publisher="IETF",
  organization="Internet Engineering Task Force",
  year=2000,
  month=nov,
  url="http://www.ietf.org/rfc/rfc2991.txt"
}

@misc{rfc2992,
  author="Hopps, C",
  title="Analysis of an Equal-Cost Multi-Path Algorithm",
  series="Request for Comments",
  number="2992",
  howpublished="RFC 2992 (Informational)",
  publisher="IETF",
  organization="Internet Engineering Task Force",
  year=2000,
  month=nov,
  url="http://www.ietf.org/rfc/rfc2992.txt"
}

@misc{rfc1142,
  author="D. Oran",
  title="{OSI} {IS-IS} Intra-domain routing protocol",
  series="Request for Comments",
  number="1142",
  howpublished="RFC 1142 (Historic)",
  publisher="IETF",
  organization="Internet Engineering Task Force",
  year=1990,
  month=feb,
  url="http://www.ietf.org/rfc/rfc1142.txt"
}

@misc{rfc2328,
  author="J. Moy",
  title="{OSPF} Version 2",
  series="Request for Comments",
  number="2328",
  howpublished="RFC 2328 (Internet Standard)",
  publisher="IETF",
  organization="Internet Engineering Task Force",
  year=1998,
  month=apr,
  url="http://www.ietf.org/rfc/rfc2328.txt"
}

@misc{rfc5340,
  author="Coltun, R and Ferguson, D and Moy, J and Lindem, A",
  title="{OSPF} for {IPv6}",
  series="Request for Comments",
  number="5340",
  howpublished="RFC 5340 (Internet Standard)",
  publisher="IETF",
  organization="Internet Engineering Task Force",
  year=2008,
  month=jul,
  url="http://www.ietf.org/rfc/rfc5340.txt"
}

@misc{eigrp,
  author="D. Savage and D. Slice and J. Ng and S. Moore and R. White",
  title="{Enhanced Interior Gateway Routing Protocol}",
  series="Request for Comments",
  howpublished="Internet Draft",
  publisher="IETF",
  organization="Internet Engineering Task Force",
  year=2013,
  month=feb,
  url="http://www.ietf.org/staging/draft-savage-eigrp-00.txt"
}

@misc{igrp,
  title={{An Introduction to IGRP}},
  howpublished={\url{http://www.cisco.com/c/en/us/support/docs/ip/interior-gateway-routing-protocol-igrp/26825-5.html}},
  year="2014"
}


@misc{rfc2453,
  author="G. Malkin",
  title="{RIP} Version 2",
  series="Request for Comments",
  number="2453",
  howpublished="RFC 2453 (Internet Standard)",
  publisher="IETF",
  organization="Internet Engineering Task Force",
  year=1998,
  month=nov,
  url="http://www.ietf.org/rfc/rfc2453.txt"
}

@misc{rfc1058,
  author="C. Hedrick",
  title="{Routing Information Protocol}",
  series="Request for Comments",
  number="1058",
  howpublished="RFC 1058 (Historic)",
  publisher="IETF",
  organization="Internet Engineering Task Force",
  year=1988,
  month=jun,
  url="http://www.ietf.org/rfc/rfc1058.txt"
}

@misc{rfc827,
  author="Eric C. Rosen",
  title="EXTERIOR GATEWAY PROTOCOL ({EGP})",
  series="Request for Comments",
  number="827",
  howpublished="RFC 827 (Historic)",
  publisher="IETF",
  organization="Internet Engineering Task Force",
  year=1982,
  month=oct,
  url="http://www.ietf.org/rfc/rfc827.txt"
}

@inproceedings{chameleon:2007,
 author = {Dunkels, Adam and \"{O}sterlind, Fredrik and He, Zhitao},
 title = {An Adaptive Communication Architecture for Wireless Sensor Networks},
 booktitle = {Proceedings of the 5th International Conference on Embedded Networked Sensor Systems},
 series = {SenSys '07},
 year = {2007},
 isbn = {978-1-59593-763-6},
 location = {Sydney, Australia},
 pages = {335--349},
 numpages = {15},
 url = {http://doi.acm.org/10.1145/1322263.1322295},
 doi = {10.1145/1322263.1322295},
 acmid = {1322295},
 publisher = {ACM},
 address = {New York, NY, USA},
 keywords = {protocol stack, wireless sensor networks},
}

@inproceedings{deru-realwsn:2013,
 author = {Laurent Deru and Sebastien Dawans and Mathieu Ocana and Bruno Quoitin and Olivier Bonaventure},
 title = {Redundant Border Routers for Mission Critical 6LoWPAN Networks},
 booktitle = {Proceedings of the 5th Workshop on Real-Workd Wireless Sensor Networks (RealWSN)},
 isbn = {978-3-319-03071-5},
 pages = {195-203},
 year = 2013,
 month = {September},
 day = {19-20},
 where = {Como Lake, Italy},
}

@inproceedings{michel-infocom:2013,
 author = {Mathieu Michel and Bruno Quoitin},
 title = {Impact of a sleep schedule on the AODV convergence time in WSNs},
 booktitle = {Proceedings of the IEEE INFOCOM Conference},
 isbn = {978-1-4673-5944-3},
 pages = {3-4},
 year = 2013,
 month = {April},
 day = {14-19},
 where = {Turin, Italy},
}

@techreport{michel-algotel:2014,
 author = {Mathieu Michel and Bruno Quoitin},
 title = {Analyse des raisons de l'efficacité de ContikiMAC},
 note = {submitted to the AlgoTel 2014 workshop},
}

@techreport{contikimac,
  title={The {ContikiMAC} {R}adio {D}uty {C}ycling {P}rotocol},
  author={Dunkels, Adam},
  year={2011},
  note={SICS}
}

@article{coap,
  title={Constrained Application Protocol ({CoAP}), draft-ietf-core-coap-13},
  author={Shelby, Z and Hartke, K and Bormann, C and Frank, B},
  journal={Orlando: The Internet Engineering Task Force--IETF, Dec},
  year={2012}
}

@techreport{dron-dcoss:2014,
 author = {W. Dron and S. Duquenoy and Th. Voigt and K. Hachicha and P. Garda},
 title = {An emulation based method for lifetime estimation of wireless sensor networks},
 note = {submitted to the 10th IEEE International Conference on Distributed Computing in Sensor Systems (DCOSS), 2014},
}

@article{Yick:2008:WSN:1389582.1389832,
 author = {Yick, Jennifer and Mukherjee, Biswanath and Ghosal, Dipak},
 title = {Wireless Sensor Network Survey},
 journal = {Comput. Netw.},
 issue_date = {August, 2008},
 volume = {52},
 number = {12},
 month = aug,
 year = {2008},
 issn = {1389-1286},
 pages = {2292--2330},
 numpages = {39},
 url = {http://dx.doi.org/10.1016/j.comnet.2008.04.002},
 doi = {10.1016/j.comnet.2008.04.002},
 acmid = {1389832},
 publisher = {Elsevier North-Holland, Inc.},
 address = {New York, NY, USA},
 keywords = {Protocols, Sensor network deployment, Sensor network services, Survey, Wireless sensor network},
}

@inproceedings{lava:1998,
  title={Lava: hardware design in Haskell},
  author={Bjesse, Per and Claessen, Koen and Sheeran, Mary and Singh, Satnam},
  booktitle={ACM SIGPLAN Notices},
  volume={34},
  number={1},
  pages={174--184},
  year={1998},
  organization={ACM}
}

@phdthesis{obsidian:2011,
  title={Obsidian: {GPU} Kernel Programming in {Haskell}},
  author={Svensson, Joel},
  year={2011},
  school={Chalmers University of Technology}
}

@article{environ_wsn2011,
  title={Wireless sensor networks: a survey on environmental monitoring},
  author={Oliveira, Lu{\'\i}s M and Rodrigues, Joel J},
  journal={Journal of communications},
  volume={6},
  number={2},
  pages={143--151},
  year={2011}
}

@inproceedings{industrial_wsn2004,
  title={Wireless sensor networks for industrial applications},
  author={Shen, Xingfa and Wang, Zhi and Sun, Youxian},
  booktitle={Intelligent Control and Automation, 2004. WCICA 2004. Fifth World Congress on},
  volume={4},
  pages={3636--3640},
  year={2004},
  organization={IEEE}
}

@inproceedings{wsn_irrigation2008,
  title={Wireless sensor network deployment for water use efficiency in irrigation},
  author={McCulloch, John and McCarthy, Paul and Guru, Siddeswara Mayura and Peng, Wei and Hugo, Daniel and Terhorst, Andrew},
  booktitle={Proceedings of the workshop on Real-world wireless sensor networks},
  pages={46--50},
  year={2008},
  organization={ACM}
}

@inproceedings{haskell_metrics2005,
  title={Software metrics: measuring {Haskell}.},
  author={Ryder, Chris and Thompson, Simon J},
  booktitle={Trends in Functional Programming},
  pages={31--46},
  year={2005}
}

@inproceedings{paddle2009,
  title={A Domain Specific Approach to Network Software Architecture: Assuring Conformance between Architecture and Code},
  author={Wang, Yan and Gaspes, Ver{\'o}nica},
  booktitle={Digital Telecommunications, 2009. ICDT'09. Fourth International Conference on},
  pages={127--132},
  year={2009},
  organization={IEEE}
}

@inproceedings{bgp-dup2015,
  title={What do parrots and {BGP} implementations have in common?},
  author={Hauweele, David and Quoitin, Bruno and Pelsser, Cristel and Bush, Randy},
  note={submitted to IEEE INFOCOM 2016},
}

@inproceedings{mspsim,
  title={{MSPSim} -- an extensible simulator for MSP430-equipped sensor boards},
  author={Eriksson, Joakim and Dunkels, Adam and Finne, Niclas and Osterlind, Fredrik and Voigt, Thiemo},
  booktitle={Proceedings of the European Conference on Wireless Sensor Networks (EWSN), Poster/Demo session},
  pages={27},
  year={2007}
}

@inproceedings{hardmonwsn-dron2014,
  title={An emulation-based method for lifetime estimation of wireless sensor networks},
  author={Dron, Will and Duquennoy, Simon and Voigt, Thiemo and Hachicha, Khalil and Garda, Patrick},
  booktitle={IEEE International Conference on distributed Computing in Sensor Systems (DCOSS)},
  pages={241--248},
  year={2014},
  organization={IEEE}
}

@article{bgpdup-ccr2016,
  title={What do parrots and {BGP} implementations have in common?},
  author={Hauweele, David and Quoitin, Bruno and Pelsser, Cristel and Bush, Randy},
  booktitle={ACM SIGCOMM CCR},
  pages={1--6},
  month={July},
  year={2016}
}

@inproceedings{bgpdup-cores2016,
  title={The Origin of {BGP} Duplicates},
  author={Hauweele, David and Quoitin, Bruno and Pelsser, Cristel and Bush, Randy},
  booktitle={CoRes},
  year={2016}
}

@inproceedings{rime,
  title={{RIME} — a lightweight layered communication stack for sensor networks},
  author={Dunkels, Adam},
  booktitle={Proceedings of the European Conference on Wireless Sensor Networks (EWSN), Poster/Demo session, Delft, The Netherlands},
  year={2007},
  organization={Citeseer}
}

@inproceedings{energest,
  title={Software-based on-line energy estimation for sensor nodes},
  author={Dunkels, Adam and Osterlind, Fredrik and Tsiftes, Nicolas and He, Zhitao},
  booktitle={Proceedings of the 4th workshop on Embedded networked sensors},
  pages={28--32},
  year={2007},
  organization={ACM}
}

@inproceedings{tempus,
  title={Managing the Energy-Delay Tradeoff in Mobile Applications with {Tempus}},
  author={Nikzad, Nima and Radi, Marjan and Chipara, Octav and Griswold, William G},
  booktitle={Proceedings of the 16th Annual Middleware Conference},
  pages={259--270},
  year={2015},
  organization={ACM}
}

@inproceedings{gismo-romu2015,
  title={GISMO: a domain-specific modelling language for executable prototyping of gestural interaction},
  author={Romuald, Deshayes and Mens, Tom},
  booktitle={Proceedings of the 7th ACM SIGCHI Symposium on Engineering Interactive Computing Systems},
  pages={34--43},
  year={2015},
  organization={ACM}
}

@inproceedings{monitor-ipsn2016,
  title={{Ph. D. Forum Abstract}: Tracking Inefficient Power Usages in {WSN} by Monitoring the Network Firmware},
  author={Hauweele, David},
  booktitle={2016 15th ACM/IEEE International Conference on Information Processing in Sensor Networks (IPSN)},
  pages={1--2},
  year={2016},
  organization={IEEE}
}

@inproceedings{wsn-lifetime2005,
  title={Experimental evaluation of lifetime bounds for wireless sensor networks},
  author={Ritter, Hartmut and Schiller, Jochen and Voigt, Thiemo and Dunkels, Adam and Alonso, Juan},
  booktitle={Proceeedings of the Second European Workshop on Wireless Sensor Networks, 2005.},
  pages={25--32},
  year={2005},
  organization={IEEE}
}

@article{packettypes2000,
  title={Packet types: abstract specification of network protocol messages},
  author={McCann, Peter J and Chandra, Satish},
  journal={ACM SIGCOMM CCR},
  volume={30},
  number={4},
  pages={321--333},
  year={2000},
  publisher={ACM}
}

@inproceedings{compiletime-mc,
  title={Model checking software at compile time},
  author={Fehnker, Ansgar and Huuck, Ralf and Jayet, Patrick and Lussenburg, Michel and Rauch, Felix},
  booktitle={First Joint IEEE/IFIP Symposium on Theoretical Aspects of Software Engineering (TASE'07)},
  pages={45--56},
  year={2007},
  organization={IEEE}
}

@article{embeddedC-mc,
  title={Model checking C source code for embedded systems},
  author={Schlich, Bastian and Kowalewski, Stefan},
  journal={International journal on software tools for technology transfer},
  volume={11},
  number={3},
  pages={187--202},
  year={2009},
  publisher={Springer}
}

@inproceedings{yeti2011,
  title={Demo abstract: Debugging wireless sensor network simulations with {YETI} and {COOJA}},
  author={Huber, Richard and Sommer, Philipp and Wattenhofer, Roger},
  booktitle={IPSN},
  pages={141--142},
  year={2011},
  organization={IEEE}
}

@inproceedings{xmac,
  title={{X-MAC}: a short preamble MAC protocol for duty-cycled wireless sensor networks},
  author={Buettner, Michael and Yee, Gary V and Anderson, Eric and Han, Richard},
  booktitle={Proceedings of the 4th international conference on Embedded networked sensor systems},
  pages={307--320},
  year={2006},
  organization={ACM}
}

@inproceedings{bmac,
  title={Versatile low power media access for wireless sensor networks},
  author={Polastre, Joseph and Hill, Jason and Culler, David},
  booktitle={Proceedings of the 2nd international conference on Embedded networked sensor systems},
  pages={95--107},
  year={2004},
  organization={ACM}
}

@inproceedings{itu_sim2016,
  title={Development, validation and utilization of an {ITU-T G. 9903 PHY} simulator for communication performance evaluation},
  author={Van Laere, Aurélien and Wawrzyniak, Christopher and Bette, Sébastien and Moeyaert, Véronique},
  booktitle={ISPLC},
  pages={167--172},
  year={2016},
  organization={IEEE}
}

@inproceedings{g3plc_density2015,
  title={Impact of the nodes density on {G3-PLC} networks performance},
  author={Bayot Katumba, Gaston and Van Trimpont, François and Moeyaert, Véronique},
  booktitle={23rd International Conference \& Exhibition on Electricity Distribution (CIRED)},
  year={2015},
  where={Lyon, France}
}
	
